@unpublished{postelApprox,
  author    = {Marie Postel},
  title     = {Approximations multiéchelles},
  note      = {Polycopié, Laboratoire Jacques-Louis Lions, Université Pierre et Marie Curie},
}

@article{harten1994,
  author  = {Harten, Amiram},
  title   = {Adaptive multiresolution schemes for shock computations},
  journal = {Journal of Computational Physics},
  year    = {1994}
}

@article{belloti_et_al_2025,
 author = {Belloti and Gouarin and J. Massot and M. Massot and Matalon and Séries and Tenaud},
 title = {Modified equation and error analyses on adaptative meshes for the resolution of evolutionary PDEs with Finite Volume schemes},
 year = {2025},
}